%YAML 1.1
%TAG !u! tag:unity3d.com,2011:
--- !u!29 &1
OcclusionCullingSettings:
  m_ObjectHideFlags: 0
  serializedVersion: 2
  m_OcclusionBakeSettings:
    smallestOccluder: 5
    smallestHole: 0.25
    backfaceThreshold: 100
  m_SceneGUID: 00000000000000000000000000000000
  m_OcclusionCullingData: {fileID: 0}
--- !u!104 &2
RenderSettings:
  m_ObjectHideFlags: 0
  serializedVersion: 9
  m_Fog: 0
  m_FogColor: {r: 0.5, g: 0.5, b: 0.5, a: 1}
  m_FogMode: 3
  m_FogDensity: 0.01
  m_LinearFogStart: 0
  m_LinearFogEnd: 300
  m_AmbientSkyColor: {r: 0.212, g: 0.227, b: 0.259, a: 1}
  m_AmbientEquatorColor: {r: 0.114, g: 0.125, b: 0.133, a: 1}
  m_AmbientGroundColor: {r: 0.047, g: 0.043, b: 0.035, a: 1}
  m_AmbientIntensity: 1
  m_AmbientMode: 0
  m_SubtractiveShadowColor: {r: 0.42, g: 0.478, b: 0.627, a: 1}
  m_SkyboxMaterial: {fileID: 10304, guid: 0000000000000000f000000000000000, type: 0}
  m_HaloStrength: 0.5
  m_FlareStrength: 1
  m_FlareFadeSpeed: 3
  m_HaloTexture: {fileID: 0}
  m_SpotCookie: {fileID: 10001, guid: 0000000000000000e000000000000000, type: 0}
  m_DefaultReflectionMode: 0
  m_DefaultReflectionResolution: 128
  m_ReflectionBounces: 1
  m_ReflectionIntensity: 1
  m_CustomReflection: {fileID: 0}
  m_Sun: {fileID: 0}
  m_IndirectSpecularColor: {r: 0.44657844, g: 0.49641222, b: 0.57481694, a: 1}
  m_UseRadianceAmbientProbe: 0
--- !u!157 &3
LightmapSettings:
  m_ObjectHideFlags: 0
  serializedVersion: 11
  m_GIWorkflowMode: 0
  m_GISettings:
    serializedVersion: 2
    m_BounceScale: 1
    m_IndirectOutputScale: 1
    m_AlbedoBoost: 1
    m_TemporalCoherenceThreshold: 1
    m_EnvironmentLightingMode: 0
    m_EnableBakedLightmaps: 1
    m_EnableRealtimeLightmaps: 1
  m_LightmapEditorSettings:
    serializedVersion: 10
    m_Resolution: 2
    m_BakeResolution: 40
    m_AtlasSize: 1024
    m_AO: 0
    m_AOMaxDistance: 1
    m_CompAOExponent: 1
    m_CompAOExponentDirect: 0
    m_Padding: 2
    m_LightmapParameters: {fileID: 0}
    m_LightmapsBakeMode: 1
    m_TextureCompression: 1
    m_FinalGather: 0
    m_FinalGatherFiltering: 1
    m_FinalGatherRayCount: 256
    m_ReflectionCompression: 2
    m_MixedBakeMode: 2
    m_BakeBackend: 1
    m_PVRSampling: 1
    m_PVRDirectSampleCount: 32
    m_PVRSampleCount: 500
    m_PVRBounces: 2
    m_PVRFilterTypeDirect: 0
    m_PVRFilterTypeIndirect: 0
    m_PVRFilterTypeAO: 0
    m_PVRFilteringMode: 1
    m_PVRCulling: 1
    m_PVRFilteringGaussRadiusDirect: 1
    m_PVRFilteringGaussRadiusIndirect: 5
    m_PVRFilteringGaussRadiusAO: 2
    m_PVRFilteringAtrousPositionSigmaDirect: 0.5
    m_PVRFilteringAtrousPositionSigmaIndirect: 2
    m_PVRFilteringAtrousPositionSigmaAO: 1
    m_ShowResolutionOverlay: 1
  m_LightingDataAsset: {fileID: 0}
  m_UseShadowmask: 1
--- !u!196 &4
NavMeshSettings:
  serializedVersion: 2
  m_ObjectHideFlags: 0
  m_BuildSettings:
    serializedVersion: 2
    agentTypeID: 0
    agentRadius: 0.5
    agentHeight: 2
    agentSlope: 45
    agentClimb: 0.4
    ledgeDropHeight: 0
    maxJumpAcrossDistance: 0
    minRegionArea: 2
    manualCellSize: 0
    cellSize: 0.16666667
    manualTileSize: 0
    tileSize: 256
    accuratePlacement: 0
    debug:
      m_Flags: 0
  m_NavMeshData: {fileID: 23800000, guid: a0ad971715cfbc64aa899943d4c99421, type: 2}
--- !u!1 &317450410
GameObject:
  m_ObjectHideFlags: 0
  m_CorrespondingSourceObject: {fileID: 0}
  m_PrefabInternal: {fileID: 0}
  serializedVersion: 6
  m_Component:
  - component: {fileID: 317450411}
  - component: {fileID: 317450415}
  - component: {fileID: 317450414}
  - component: {fileID: 317450413}
  - component: {fileID: 317450412}
  m_Layer: 0
  m_Name: Main Camera
  m_TagString: MainCamera
  m_Icon: {fileID: 0}
  m_NavMeshLayer: 0
  m_StaticEditorFlags: 0
  m_IsActive: 1
--- !u!4 &317450411
Transform:
  m_ObjectHideFlags: 0
  m_CorrespondingSourceObject: {fileID: 0}
  m_PrefabInternal: {fileID: 0}
  m_GameObject: {fileID: 317450410}
  m_LocalRotation: {x: 0, y: 0, z: 0, w: 1}
  m_LocalPosition: {x: 0.42, y: 0.19, z: -2.57}
  m_LocalScale: {x: 1, y: 1, z: 1}
  m_Children: []
  m_Father: {fileID: 1754679108}
  m_RootOrder: 0
  m_LocalEulerAnglesHint: {x: 0, y: 0, z: 0}
--- !u!45 &317450412
Skybox:
  m_ObjectHideFlags: 0
  m_CorrespondingSourceObject: {fileID: 0}
  m_PrefabInternal: {fileID: 0}
  m_GameObject: {fileID: 317450410}
  m_Enabled: 1
  m_CustomSkybox: {fileID: 2100000, guid: 81f714daf7144784b8a2f42f1cd30927, type: 2}
--- !u!114 &317450413
MonoBehaviour:
  m_ObjectHideFlags: 0
  m_CorrespondingSourceObject: {fileID: 0}
  m_PrefabInternal: {fileID: 0}
  m_GameObject: {fileID: 317450410}
  m_Enabled: 1
  m_EditorHideFlags: 0
  m_Script: {fileID: 11500000, guid: cacfa4deb6ec4e2449855608ed561f6e, type: 3}
  m_Name: 
  m_EditorClassIdentifier: 
  minDis: 1
  maxDis: 4
  smooth: 10
  dollyDirecAdj: {x: 0, y: 0, z: 0}
  distance: 0
--- !u!81 &317450414
AudioListener:
  m_ObjectHideFlags: 0
  m_CorrespondingSourceObject: {fileID: 0}
  m_PrefabInternal: {fileID: 0}
  m_GameObject: {fileID: 317450410}
  m_Enabled: 1
--- !u!20 &317450415
Camera:
  m_ObjectHideFlags: 0
  m_CorrespondingSourceObject: {fileID: 0}
  m_PrefabInternal: {fileID: 0}
  m_GameObject: {fileID: 317450410}
  m_Enabled: 1
  serializedVersion: 2
  m_ClearFlags: 1
  m_BackGroundColor: {r: 0.19215687, g: 0.3019608, b: 0.4745098, a: 0}
  m_projectionMatrixMode: 1
  m_SensorSize: {x: 36, y: 24}
  m_LensShift: {x: 0, y: 0}
  m_FocalLength: 50
  m_NormalizedViewPortRect:
    serializedVersion: 2
    x: 0
    y: 0
    width: 1
    height: 1
  near clip plane: 0.3
  far clip plane: 1000
  field of view: 60
  orthographic: 0
  orthographic size: 5
  m_Depth: -1
  m_CullingMask:
    serializedVersion: 2
    m_Bits: 3895
  m_RenderingPath: -1
  m_TargetTexture: {fileID: 0}
  m_TargetDisplay: 0
  m_TargetEye: 3
  m_HDR: 1
  m_AllowMSAA: 1
  m_AllowDynamicResolution: 0
  m_ForceIntoRT: 0
  m_OcclusionCulling: 1
  m_StereoConvergence: 10
  m_StereoSeparation: 0.022
--- !u!1 &346694547
GameObject:
  m_ObjectHideFlags: 0
  m_CorrespondingSourceObject: {fileID: 0}
  m_PrefabInternal: {fileID: 0}
  serializedVersion: 6
  m_Component:
  - component: {fileID: 346694552}
  - component: {fileID: 346694551}
  - component: {fileID: 346694550}
  - component: {fileID: 346694549}
  - component: {fileID: 346694548}
  m_Layer: 0
  m_Name: Sphere
  m_TagString: Untagged
  m_Icon: {fileID: 0}
  m_NavMeshLayer: 0
  m_StaticEditorFlags: 0
  m_IsActive: 1
--- !u!114 &346694548
MonoBehaviour:
  m_ObjectHideFlags: 0
  m_CorrespondingSourceObject: {fileID: 0}
  m_PrefabInternal: {fileID: 0}
  m_GameObject: {fileID: 346694547}
  m_Enabled: 1
  m_EditorHideFlags: 0
  m_Script: {fileID: 11500000, guid: 0eb7bf729b2557245978ee8b8e225839, type: 3}
  m_Name: 
  m_EditorClassIdentifier: 
  radius: 3
--- !u!135 &346694549
SphereCollider:
  m_ObjectHideFlags: 0
  m_CorrespondingSourceObject: {fileID: 0}
  m_PrefabInternal: {fileID: 0}
  m_GameObject: {fileID: 346694547}
  m_Material: {fileID: 0}
  m_IsTrigger: 0
  m_Enabled: 1
  serializedVersion: 2
  m_Radius: 0.5
  m_Center: {x: 0, y: 0, z: 0}
--- !u!23 &346694550
MeshRenderer:
  m_ObjectHideFlags: 0
  m_CorrespondingSourceObject: {fileID: 0}
  m_PrefabInternal: {fileID: 0}
  m_GameObject: {fileID: 346694547}
  m_Enabled: 1
  m_CastShadows: 1
  m_ReceiveShadows: 1
  m_DynamicOccludee: 1
  m_MotionVectors: 1
  m_LightProbeUsage: 1
  m_ReflectionProbeUsage: 1
  m_RenderingLayerMask: 4294967295
  m_Materials:
  - {fileID: 10303, guid: 0000000000000000f000000000000000, type: 0}
  m_StaticBatchInfo:
    firstSubMesh: 0
    subMeshCount: 0
  m_StaticBatchRoot: {fileID: 0}
  m_ProbeAnchor: {fileID: 0}
  m_LightProbeVolumeOverride: {fileID: 0}
  m_ScaleInLightmap: 1
  m_PreserveUVs: 0
  m_IgnoreNormalsForChartDetection: 0
  m_ImportantGI: 0
  m_StitchLightmapSeams: 0
  m_SelectedEditorRenderState: 3
  m_MinimumChartSize: 4
  m_AutoUVMaxDistance: 0.5
  m_AutoUVMaxAngle: 89
  m_LightmapParameters: {fileID: 0}
  m_SortingLayerID: 0
  m_SortingLayer: 0
  m_SortingOrder: 0
--- !u!33 &346694551
MeshFilter:
  m_ObjectHideFlags: 0
  m_CorrespondingSourceObject: {fileID: 0}
  m_PrefabInternal: {fileID: 0}
  m_GameObject: {fileID: 346694547}
  m_Mesh: {fileID: 10207, guid: 0000000000000000e000000000000000, type: 0}
--- !u!4 &346694552
Transform:
  m_ObjectHideFlags: 0
  m_CorrespondingSourceObject: {fileID: 0}
  m_PrefabInternal: {fileID: 0}
  m_GameObject: {fileID: 346694547}
  m_LocalRotation: {x: 0, y: 0, z: 0, w: 1}
  m_LocalPosition: {x: 1.44, y: 1.26, z: 4.44}
  m_LocalScale: {x: 1, y: 1, z: 1}
  m_Children: []
  m_Father: {fileID: 0}
  m_RootOrder: 2
  m_LocalEulerAnglesHint: {x: 0, y: 0, z: 0}
--- !u!1 &627058954
GameObject:
  m_ObjectHideFlags: 0
  m_CorrespondingSourceObject: {fileID: 0}
  m_PrefabInternal: {fileID: 0}
  serializedVersion: 6
  m_Component:
  - component: {fileID: 627058956}
  - component: {fileID: 627058955}
  m_Layer: 0
  m_Name: Directional Light
  m_TagString: Untagged
  m_Icon: {fileID: 0}
  m_NavMeshLayer: 0
  m_StaticEditorFlags: 0
  m_IsActive: 1
--- !u!108 &627058955
Light:
  m_ObjectHideFlags: 0
  m_CorrespondingSourceObject: {fileID: 0}
  m_PrefabInternal: {fileID: 0}
  m_GameObject: {fileID: 627058954}
  m_Enabled: 1
  serializedVersion: 8
  m_Type: 1
  m_Color: {r: 1, g: 0.95686275, b: 0.8392157, a: 1}
  m_Intensity: 1
  m_Range: 10
  m_SpotAngle: 30
  m_CookieSize: 10
  m_Shadows:
    m_Type: 2
    m_Resolution: -1
    m_CustomResolution: -1
    m_Strength: 1
    m_Bias: 0.05
    m_NormalBias: 0.4
    m_NearPlane: 0.2
  m_Cookie: {fileID: 0}
  m_DrawHalo: 0
  m_Flare: {fileID: 0}
  m_RenderMode: 0
  m_CullingMask:
    serializedVersion: 2
    m_Bits: 4294967295
  m_Lightmapping: 4
  m_LightShadowCasterMode: 0
  m_AreaSize: {x: 1, y: 1}
  m_BounceIntensity: 1
  m_ColorTemperature: 6570
  m_UseColorTemperature: 0
  m_ShadowRadius: 0
  m_ShadowAngle: 0
--- !u!4 &627058956
Transform:
  m_ObjectHideFlags: 0
  m_CorrespondingSourceObject: {fileID: 0}
  m_PrefabInternal: {fileID: 0}
  m_GameObject: {fileID: 627058954}
  m_LocalRotation: {x: 0.40821788, y: -0.23456968, z: 0.10938163, w: 0.8754261}
  m_LocalPosition: {x: 0, y: 3, z: 0}
  m_LocalScale: {x: 1, y: 1, z: 1}
  m_Children: []
  m_Father: {fileID: 0}
  m_RootOrder: 0
  m_LocalEulerAnglesHint: {x: 50, y: -30, z: 0}
--- !u!1001 &881852109
Prefab:
  m_ObjectHideFlags: 0
  serializedVersion: 2
  m_Modification:
    m_TransformParent: {fileID: 0}
    m_Modifications:
    - target: {fileID: 4487025367358058, guid: 1b2b3335e6cf2974abdebf8fbbc1d513, type: 2}
      propertyPath: m_LocalPosition.x
      value: -1.6
      objectReference: {fileID: 0}
    - target: {fileID: 4487025367358058, guid: 1b2b3335e6cf2974abdebf8fbbc1d513, type: 2}
      propertyPath: m_LocalPosition.y
      value: 0.618
      objectReference: {fileID: 0}
    - target: {fileID: 4487025367358058, guid: 1b2b3335e6cf2974abdebf8fbbc1d513, type: 2}
      propertyPath: m_LocalPosition.z
      value: -3.39
      objectReference: {fileID: 0}
    - target: {fileID: 4487025367358058, guid: 1b2b3335e6cf2974abdebf8fbbc1d513, type: 2}
      propertyPath: m_LocalRotation.x
      value: 0
      objectReference: {fileID: 0}
    - target: {fileID: 4487025367358058, guid: 1b2b3335e6cf2974abdebf8fbbc1d513, type: 2}
      propertyPath: m_LocalRotation.y
      value: 0
      objectReference: {fileID: 0}
    - target: {fileID: 4487025367358058, guid: 1b2b3335e6cf2974abdebf8fbbc1d513, type: 2}
      propertyPath: m_LocalRotation.z
      value: 0
      objectReference: {fileID: 0}
    - target: {fileID: 4487025367358058, guid: 1b2b3335e6cf2974abdebf8fbbc1d513, type: 2}
      propertyPath: m_LocalRotation.w
      value: 1
      objectReference: {fileID: 0}
    - target: {fileID: 4487025367358058, guid: 1b2b3335e6cf2974abdebf8fbbc1d513, type: 2}
      propertyPath: m_RootOrder
      value: 3
      objectReference: {fileID: 0}
    - target: {fileID: 114276281334726456, guid: 1b2b3335e6cf2974abdebf8fbbc1d513,
        type: 2}
      propertyPath: m_Enabled
      value: 1
      objectReference: {fileID: 0}
    - target: {fileID: 114760729197618120, guid: 1b2b3335e6cf2974abdebf8fbbc1d513,
        type: 2}
      propertyPath: m_Enabled
      value: 0
      objectReference: {fileID: 0}
    - target: {fileID: 1737834425747256, guid: 1b2b3335e6cf2974abdebf8fbbc1d513, type: 2}
      propertyPath: m_Layer
      value: 11
      objectReference: {fileID: 0}
    - target: {fileID: 1571620863930404, guid: 1b2b3335e6cf2974abdebf8fbbc1d513, type: 2}
      propertyPath: m_Layer
      value: 11
      objectReference: {fileID: 0}
    - target: {fileID: 1527847533833908, guid: 1b2b3335e6cf2974abdebf8fbbc1d513, type: 2}
      propertyPath: m_Layer
      value: 11
      objectReference: {fileID: 0}
    - target: {fileID: 1834861852632872, guid: 1b2b3335e6cf2974abdebf8fbbc1d513, type: 2}
      propertyPath: m_Layer
      value: 11
      objectReference: {fileID: 0}
    - target: {fileID: 1916727407675966, guid: 1b2b3335e6cf2974abdebf8fbbc1d513, type: 2}
      propertyPath: m_Layer
      value: 11
      objectReference: {fileID: 0}
    - target: {fileID: 1234971261254184, guid: 1b2b3335e6cf2974abdebf8fbbc1d513, type: 2}
      propertyPath: m_Layer
      value: 11
      objectReference: {fileID: 0}
    - target: {fileID: 1658430569962550, guid: 1b2b3335e6cf2974abdebf8fbbc1d513, type: 2}
      propertyPath: m_Layer
      value: 11
      objectReference: {fileID: 0}
    - target: {fileID: 1947276289010424, guid: 1b2b3335e6cf2974abdebf8fbbc1d513, type: 2}
      propertyPath: m_Layer
      value: 11
      objectReference: {fileID: 0}
    - target: {fileID: 1866948270853296, guid: 1b2b3335e6cf2974abdebf8fbbc1d513, type: 2}
      propertyPath: m_Layer
      value: 11
      objectReference: {fileID: 0}
    - target: {fileID: 1722653120830604, guid: 1b2b3335e6cf2974abdebf8fbbc1d513, type: 2}
      propertyPath: m_Layer
      value: 11
      objectReference: {fileID: 0}
    - target: {fileID: 1107936450197912, guid: 1b2b3335e6cf2974abdebf8fbbc1d513, type: 2}
      propertyPath: m_Layer
      value: 11
      objectReference: {fileID: 0}
    - target: {fileID: 1004117617177888, guid: 1b2b3335e6cf2974abdebf8fbbc1d513, type: 2}
      propertyPath: m_Layer
      value: 11
      objectReference: {fileID: 0}
    - target: {fileID: 1402620153410512, guid: 1b2b3335e6cf2974abdebf8fbbc1d513, type: 2}
      propertyPath: m_Layer
      value: 11
      objectReference: {fileID: 0}
    - target: {fileID: 1586262888593956, guid: 1b2b3335e6cf2974abdebf8fbbc1d513, type: 2}
      propertyPath: m_Layer
      value: 11
      objectReference: {fileID: 0}
    - target: {fileID: 1722076324529666, guid: 1b2b3335e6cf2974abdebf8fbbc1d513, type: 2}
      propertyPath: m_Layer
      value: 11
      objectReference: {fileID: 0}
    - target: {fileID: 1825482151242560, guid: 1b2b3335e6cf2974abdebf8fbbc1d513, type: 2}
      propertyPath: m_Layer
      value: 11
      objectReference: {fileID: 0}
    - target: {fileID: 1621380655989018, guid: 1b2b3335e6cf2974abdebf8fbbc1d513, type: 2}
      propertyPath: m_Layer
      value: 11
      objectReference: {fileID: 0}
    - target: {fileID: 1265336393512080, guid: 1b2b3335e6cf2974abdebf8fbbc1d513, type: 2}
      propertyPath: m_Layer
      value: 11
      objectReference: {fileID: 0}
    - target: {fileID: 1448081812646028, guid: 1b2b3335e6cf2974abdebf8fbbc1d513, type: 2}
      propertyPath: m_Layer
      value: 11
      objectReference: {fileID: 0}
    - target: {fileID: 1851966117806190, guid: 1b2b3335e6cf2974abdebf8fbbc1d513, type: 2}
      propertyPath: m_Layer
      value: 11
      objectReference: {fileID: 0}
    - target: {fileID: 1095369183574350, guid: 1b2b3335e6cf2974abdebf8fbbc1d513, type: 2}
      propertyPath: m_Layer
      value: 11
      objectReference: {fileID: 0}
    - target: {fileID: 1269777200584928, guid: 1b2b3335e6cf2974abdebf8fbbc1d513, type: 2}
      propertyPath: m_Layer
      value: 11
      objectReference: {fileID: 0}
    - target: {fileID: 1895735161783126, guid: 1b2b3335e6cf2974abdebf8fbbc1d513, type: 2}
      propertyPath: m_Layer
      value: 11
      objectReference: {fileID: 0}
    - target: {fileID: 1452675638658266, guid: 1b2b3335e6cf2974abdebf8fbbc1d513, type: 2}
      propertyPath: m_Layer
      value: 11
      objectReference: {fileID: 0}
    - target: {fileID: 1902846644118440, guid: 1b2b3335e6cf2974abdebf8fbbc1d513, type: 2}
      propertyPath: m_Layer
      value: 11
      objectReference: {fileID: 0}
    - target: {fileID: 1329424335035708, guid: 1b2b3335e6cf2974abdebf8fbbc1d513, type: 2}
      propertyPath: m_Layer
      value: 11
      objectReference: {fileID: 0}
    - target: {fileID: 1275774226218688, guid: 1b2b3335e6cf2974abdebf8fbbc1d513, type: 2}
      propertyPath: m_Layer
      value: 11
      objectReference: {fileID: 0}
    - target: {fileID: 1823504171586332, guid: 1b2b3335e6cf2974abdebf8fbbc1d513, type: 2}
      propertyPath: m_Layer
      value: 11
      objectReference: {fileID: 0}
    - target: {fileID: 1037383675691818, guid: 1b2b3335e6cf2974abdebf8fbbc1d513, type: 2}
      propertyPath: m_Layer
      value: 11
      objectReference: {fileID: 0}
    - target: {fileID: 1961574907953050, guid: 1b2b3335e6cf2974abdebf8fbbc1d513, type: 2}
      propertyPath: m_Layer
      value: 11
      objectReference: {fileID: 0}
    - target: {fileID: 1503391269869386, guid: 1b2b3335e6cf2974abdebf8fbbc1d513, type: 2}
      propertyPath: m_Layer
      value: 11
      objectReference: {fileID: 0}
    - target: {fileID: 1666585632587560, guid: 1b2b3335e6cf2974abdebf8fbbc1d513, type: 2}
      propertyPath: m_Layer
      value: 11
      objectReference: {fileID: 0}
    - target: {fileID: 1307003778631112, guid: 1b2b3335e6cf2974abdebf8fbbc1d513, type: 2}
      propertyPath: m_Layer
      value: 11
      objectReference: {fileID: 0}
    - target: {fileID: 1368750859896630, guid: 1b2b3335e6cf2974abdebf8fbbc1d513, type: 2}
      propertyPath: m_Layer
      value: 11
      objectReference: {fileID: 0}
    - target: {fileID: 1160681169431238, guid: 1b2b3335e6cf2974abdebf8fbbc1d513, type: 2}
      propertyPath: m_Layer
      value: 11
      objectReference: {fileID: 0}
    - target: {fileID: 1353157952370310, guid: 1b2b3335e6cf2974abdebf8fbbc1d513, type: 2}
      propertyPath: m_Layer
      value: 11
      objectReference: {fileID: 0}
    - target: {fileID: 1934373064169214, guid: 1b2b3335e6cf2974abdebf8fbbc1d513, type: 2}
      propertyPath: m_Layer
      value: 11
      objectReference: {fileID: 0}
    - target: {fileID: 1971037478880804, guid: 1b2b3335e6cf2974abdebf8fbbc1d513, type: 2}
      propertyPath: m_Layer
      value: 11
      objectReference: {fileID: 0}
    - target: {fileID: 1107054833221886, guid: 1b2b3335e6cf2974abdebf8fbbc1d513, type: 2}
      propertyPath: m_Layer
      value: 11
      objectReference: {fileID: 0}
    - target: {fileID: 1731134235787354, guid: 1b2b3335e6cf2974abdebf8fbbc1d513, type: 2}
      propertyPath: m_Layer
      value: 11
      objectReference: {fileID: 0}
    - target: {fileID: 1326785026905706, guid: 1b2b3335e6cf2974abdebf8fbbc1d513, type: 2}
      propertyPath: m_Layer
      value: 11
      objectReference: {fileID: 0}
    - target: {fileID: 1681032092685118, guid: 1b2b3335e6cf2974abdebf8fbbc1d513, type: 2}
      propertyPath: m_Layer
      value: 11
      objectReference: {fileID: 0}
    - target: {fileID: 1123122071419818, guid: 1b2b3335e6cf2974abdebf8fbbc1d513, type: 2}
      propertyPath: m_Layer
      value: 11
      objectReference: {fileID: 0}
    - target: {fileID: 1367196756253474, guid: 1b2b3335e6cf2974abdebf8fbbc1d513, type: 2}
      propertyPath: m_Layer
      value: 11
      objectReference: {fileID: 0}
    - target: {fileID: 1046823591521714, guid: 1b2b3335e6cf2974abdebf8fbbc1d513, type: 2}
      propertyPath: m_Layer
      value: 11
      objectReference: {fileID: 0}
    - target: {fileID: 1957789821769470, guid: 1b2b3335e6cf2974abdebf8fbbc1d513, type: 2}
      propertyPath: m_Layer
      value: 11
      objectReference: {fileID: 0}
    - target: {fileID: 1159194301574396, guid: 1b2b3335e6cf2974abdebf8fbbc1d513, type: 2}
      propertyPath: m_Layer
      value: 11
      objectReference: {fileID: 0}
    - target: {fileID: 1223505477804382, guid: 1b2b3335e6cf2974abdebf8fbbc1d513, type: 2}
      propertyPath: m_Layer
      value: 11
      objectReference: {fileID: 0}
    - target: {fileID: 1931768277603208, guid: 1b2b3335e6cf2974abdebf8fbbc1d513, type: 2}
      propertyPath: m_Layer
      value: 11
      objectReference: {fileID: 0}
    - target: {fileID: 1280532621605058, guid: 1b2b3335e6cf2974abdebf8fbbc1d513, type: 2}
      propertyPath: m_Layer
      value: 11
      objectReference: {fileID: 0}
    - target: {fileID: 1927884334014452, guid: 1b2b3335e6cf2974abdebf8fbbc1d513, type: 2}
      propertyPath: m_Layer
      value: 11
      objectReference: {fileID: 0}
    - target: {fileID: 1815215870961086, guid: 1b2b3335e6cf2974abdebf8fbbc1d513, type: 2}
      propertyPath: m_Layer
      value: 11
      objectReference: {fileID: 0}
    - target: {fileID: 1254701364607672, guid: 1b2b3335e6cf2974abdebf8fbbc1d513, type: 2}
      propertyPath: m_Layer
      value: 11
      objectReference: {fileID: 0}
    - target: {fileID: 1346055862190056, guid: 1b2b3335e6cf2974abdebf8fbbc1d513, type: 2}
      propertyPath: m_Layer
      value: 11
      objectReference: {fileID: 0}
    - target: {fileID: 1824735305684772, guid: 1b2b3335e6cf2974abdebf8fbbc1d513, type: 2}
      propertyPath: m_Layer
      value: 11
      objectReference: {fileID: 0}
    - target: {fileID: 1491570853806874, guid: 1b2b3335e6cf2974abdebf8fbbc1d513, type: 2}
      propertyPath: m_Layer
      value: 11
      objectReference: {fileID: 0}
    - target: {fileID: 1383641907607000, guid: 1b2b3335e6cf2974abdebf8fbbc1d513, type: 2}
      propertyPath: m_Layer
      value: 11
      objectReference: {fileID: 0}
    - target: {fileID: 1357771135641916, guid: 1b2b3335e6cf2974abdebf8fbbc1d513, type: 2}
      propertyPath: m_Layer
      value: 11
      objectReference: {fileID: 0}
    - target: {fileID: 1417135190309540, guid: 1b2b3335e6cf2974abdebf8fbbc1d513, type: 2}
      propertyPath: m_Layer
      value: 11
      objectReference: {fileID: 0}
    - target: {fileID: 1550385322413544, guid: 1b2b3335e6cf2974abdebf8fbbc1d513, type: 2}
      propertyPath: m_Layer
      value: 11
      objectReference: {fileID: 0}
    - target: {fileID: 1241194493445314, guid: 1b2b3335e6cf2974abdebf8fbbc1d513, type: 2}
      propertyPath: m_Layer
      value: 11
      objectReference: {fileID: 0}
    - target: {fileID: 1691206860392044, guid: 1b2b3335e6cf2974abdebf8fbbc1d513, type: 2}
      propertyPath: m_Layer
      value: 11
      objectReference: {fileID: 0}
    - target: {fileID: 1807216879065442, guid: 1b2b3335e6cf2974abdebf8fbbc1d513, type: 2}
      propertyPath: m_Layer
      value: 11
      objectReference: {fileID: 0}
    - target: {fileID: 1134815203493692, guid: 1b2b3335e6cf2974abdebf8fbbc1d513, type: 2}
      propertyPath: m_Layer
      value: 11
      objectReference: {fileID: 0}
    - target: {fileID: 1499096397802756, guid: 1b2b3335e6cf2974abdebf8fbbc1d513, type: 2}
      propertyPath: m_Layer
      value: 11
      objectReference: {fileID: 0}
    - target: {fileID: 1375592720649052, guid: 1b2b3335e6cf2974abdebf8fbbc1d513, type: 2}
      propertyPath: m_Layer
      value: 11
      objectReference: {fileID: 0}
    - target: {fileID: 1263833727372632, guid: 1b2b3335e6cf2974abdebf8fbbc1d513, type: 2}
      propertyPath: m_Layer
      value: 11
      objectReference: {fileID: 0}
    - target: {fileID: 1331566071816374, guid: 1b2b3335e6cf2974abdebf8fbbc1d513, type: 2}
      propertyPath: m_Layer
      value: 11
      objectReference: {fileID: 0}
    - target: {fileID: 1041608828843776, guid: 1b2b3335e6cf2974abdebf8fbbc1d513, type: 2}
      propertyPath: m_Layer
      value: 11
      objectReference: {fileID: 0}
    - target: {fileID: 1401952969178758, guid: 1b2b3335e6cf2974abdebf8fbbc1d513, type: 2}
      propertyPath: m_Layer
      value: 11
      objectReference: {fileID: 0}
    - target: {fileID: 1156822199717496, guid: 1b2b3335e6cf2974abdebf8fbbc1d513, type: 2}
      propertyPath: m_Layer
      value: 11
      objectReference: {fileID: 0}
    - target: {fileID: 1234702472003006, guid: 1b2b3335e6cf2974abdebf8fbbc1d513, type: 2}
      propertyPath: m_Layer
      value: 11
      objectReference: {fileID: 0}
    - target: {fileID: 1712483001570894, guid: 1b2b3335e6cf2974abdebf8fbbc1d513, type: 2}
      propertyPath: m_Layer
      value: 11
      objectReference: {fileID: 0}
    - target: {fileID: 1920896091729076, guid: 1b2b3335e6cf2974abdebf8fbbc1d513, type: 2}
      propertyPath: m_Layer
      value: 11
      objectReference: {fileID: 0}
    - target: {fileID: 1982572046623118, guid: 1b2b3335e6cf2974abdebf8fbbc1d513, type: 2}
      propertyPath: m_Layer
      value: 11
      objectReference: {fileID: 0}
    - target: {fileID: 1175400659046254, guid: 1b2b3335e6cf2974abdebf8fbbc1d513, type: 2}
      propertyPath: m_Layer
      value: 11
      objectReference: {fileID: 0}
    - target: {fileID: 1727219231091842, guid: 1b2b3335e6cf2974abdebf8fbbc1d513, type: 2}
      propertyPath: m_Layer
      value: 11
      objectReference: {fileID: 0}
    - target: {fileID: 1953881871094890, guid: 1b2b3335e6cf2974abdebf8fbbc1d513, type: 2}
      propertyPath: m_Layer
      value: 11
      objectReference: {fileID: 0}
    - target: {fileID: 1411870962892292, guid: 1b2b3335e6cf2974abdebf8fbbc1d513, type: 2}
      propertyPath: m_Layer
      value: 11
      objectReference: {fileID: 0}
    - target: {fileID: 1641881375314536, guid: 1b2b3335e6cf2974abdebf8fbbc1d513, type: 2}
      propertyPath: m_Layer
      value: 11
      objectReference: {fileID: 0}
    - target: {fileID: 1118721729137152, guid: 1b2b3335e6cf2974abdebf8fbbc1d513, type: 2}
      propertyPath: m_Layer
      value: 11
      objectReference: {fileID: 0}
    - target: {fileID: 1664008237362680, guid: 1b2b3335e6cf2974abdebf8fbbc1d513, type: 2}
      propertyPath: m_Layer
      value: 11
      objectReference: {fileID: 0}
    - target: {fileID: 1440096651950134, guid: 1b2b3335e6cf2974abdebf8fbbc1d513, type: 2}
      propertyPath: m_Layer
      value: 11
      objectReference: {fileID: 0}
    - target: {fileID: 1087782381116076, guid: 1b2b3335e6cf2974abdebf8fbbc1d513, type: 2}
      propertyPath: m_Layer
      value: 11
      objectReference: {fileID: 0}
    - target: {fileID: 1843688233348628, guid: 1b2b3335e6cf2974abdebf8fbbc1d513, type: 2}
      propertyPath: m_Layer
      value: 11
      objectReference: {fileID: 0}
    - target: {fileID: 1212605553190302, guid: 1b2b3335e6cf2974abdebf8fbbc1d513, type: 2}
      propertyPath: m_Layer
      value: 11
      objectReference: {fileID: 0}
    - target: {fileID: 1256417299553450, guid: 1b2b3335e6cf2974abdebf8fbbc1d513, type: 2}
      propertyPath: m_Layer
      value: 11
      objectReference: {fileID: 0}
    - target: {fileID: 1813072124189086, guid: 1b2b3335e6cf2974abdebf8fbbc1d513, type: 2}
      propertyPath: m_Layer
      value: 11
      objectReference: {fileID: 0}
    - target: {fileID: 1996236605255744, guid: 1b2b3335e6cf2974abdebf8fbbc1d513, type: 2}
      propertyPath: m_Layer
      value: 11
      objectReference: {fileID: 0}
    - target: {fileID: 1864913968008930, guid: 1b2b3335e6cf2974abdebf8fbbc1d513, type: 2}
      propertyPath: m_Layer
      value: 11
      objectReference: {fileID: 0}
    - target: {fileID: 1764111247979502, guid: 1b2b3335e6cf2974abdebf8fbbc1d513, type: 2}
      propertyPath: m_Layer
      value: 11
      objectReference: {fileID: 0}
    - target: {fileID: 1622796998533752, guid: 1b2b3335e6cf2974abdebf8fbbc1d513, type: 2}
      propertyPath: m_Layer
      value: 11
      objectReference: {fileID: 0}
    - target: {fileID: 1297446609887732, guid: 1b2b3335e6cf2974abdebf8fbbc1d513, type: 2}
      propertyPath: m_Layer
      value: 11
      objectReference: {fileID: 0}
    - target: {fileID: 1397978586827770, guid: 1b2b3335e6cf2974abdebf8fbbc1d513, type: 2}
      propertyPath: m_Layer
      value: 11
      objectReference: {fileID: 0}
    - target: {fileID: 1789663455562614, guid: 1b2b3335e6cf2974abdebf8fbbc1d513, type: 2}
      propertyPath: m_Layer
      value: 11
      objectReference: {fileID: 0}
    - target: {fileID: 1833688343639326, guid: 1b2b3335e6cf2974abdebf8fbbc1d513, type: 2}
      propertyPath: m_Layer
      value: 11
      objectReference: {fileID: 0}
    - target: {fileID: 1394782542836852, guid: 1b2b3335e6cf2974abdebf8fbbc1d513, type: 2}
      propertyPath: m_Layer
      value: 11
      objectReference: {fileID: 0}
    - target: {fileID: 1503656519558726, guid: 1b2b3335e6cf2974abdebf8fbbc1d513, type: 2}
      propertyPath: m_Layer
      value: 11
      objectReference: {fileID: 0}
    - target: {fileID: 1275574265613890, guid: 1b2b3335e6cf2974abdebf8fbbc1d513, type: 2}
      propertyPath: m_Layer
      value: 11
      objectReference: {fileID: 0}
    - target: {fileID: 1680006341601250, guid: 1b2b3335e6cf2974abdebf8fbbc1d513, type: 2}
      propertyPath: m_Layer
      value: 11
      objectReference: {fileID: 0}
    - target: {fileID: 1798960792437678, guid: 1b2b3335e6cf2974abdebf8fbbc1d513, type: 2}
      propertyPath: m_Layer
      value: 11
      objectReference: {fileID: 0}
    - target: {fileID: 1425613036293548, guid: 1b2b3335e6cf2974abdebf8fbbc1d513, type: 2}
      propertyPath: m_Layer
      value: 11
      objectReference: {fileID: 0}
    - target: {fileID: 1705510722845826, guid: 1b2b3335e6cf2974abdebf8fbbc1d513, type: 2}
      propertyPath: m_Layer
      value: 11
      objectReference: {fileID: 0}
    - target: {fileID: 1034282561993598, guid: 1b2b3335e6cf2974abdebf8fbbc1d513, type: 2}
      propertyPath: m_Layer
      value: 11
      objectReference: {fileID: 0}
    - target: {fileID: 1633797842011588, guid: 1b2b3335e6cf2974abdebf8fbbc1d513, type: 2}
      propertyPath: m_Layer
      value: 11
      objectReference: {fileID: 0}
    - target: {fileID: 1367092691119248, guid: 1b2b3335e6cf2974abdebf8fbbc1d513, type: 2}
      propertyPath: m_Layer
      value: 11
      objectReference: {fileID: 0}
    - target: {fileID: 1811686983050088, guid: 1b2b3335e6cf2974abdebf8fbbc1d513, type: 2}
      propertyPath: m_Layer
      value: 11
      objectReference: {fileID: 0}
    - target: {fileID: 1988128367725796, guid: 1b2b3335e6cf2974abdebf8fbbc1d513, type: 2}
      propertyPath: m_Layer
      value: 11
      objectReference: {fileID: 0}
    - target: {fileID: 1013250797327168, guid: 1b2b3335e6cf2974abdebf8fbbc1d513, type: 2}
      propertyPath: m_Layer
      value: 11
      objectReference: {fileID: 0}
    - target: {fileID: 1271541902541350, guid: 1b2b3335e6cf2974abdebf8fbbc1d513, type: 2}
      propertyPath: m_Layer
      value: 11
      objectReference: {fileID: 0}
    - target: {fileID: 1312678355436874, guid: 1b2b3335e6cf2974abdebf8fbbc1d513, type: 2}
      propertyPath: m_Layer
      value: 11
      objectReference: {fileID: 0}
    - target: {fileID: 1835235938836518, guid: 1b2b3335e6cf2974abdebf8fbbc1d513, type: 2}
      propertyPath: m_Layer
      value: 11
      objectReference: {fileID: 0}
    - target: {fileID: 1150327115636808, guid: 1b2b3335e6cf2974abdebf8fbbc1d513, type: 2}
      propertyPath: m_Layer
      value: 11
      objectReference: {fileID: 0}
    - target: {fileID: 1563651583894310, guid: 1b2b3335e6cf2974abdebf8fbbc1d513, type: 2}
      propertyPath: m_Layer
      value: 11
      objectReference: {fileID: 0}
    - target: {fileID: 1203149799615550, guid: 1b2b3335e6cf2974abdebf8fbbc1d513, type: 2}
      propertyPath: m_Layer
      value: 11
      objectReference: {fileID: 0}
    - target: {fileID: 1336093638556696, guid: 1b2b3335e6cf2974abdebf8fbbc1d513, type: 2}
      propertyPath: m_Layer
      value: 11
      objectReference: {fileID: 0}
    - target: {fileID: 1947132760949478, guid: 1b2b3335e6cf2974abdebf8fbbc1d513, type: 2}
      propertyPath: m_Layer
      value: 11
      objectReference: {fileID: 0}
    - target: {fileID: 1494131675297312, guid: 1b2b3335e6cf2974abdebf8fbbc1d513, type: 2}
      propertyPath: m_Layer
      value: 11
      objectReference: {fileID: 0}
    - target: {fileID: 1277134204104610, guid: 1b2b3335e6cf2974abdebf8fbbc1d513, type: 2}
      propertyPath: m_Layer
      value: 11
      objectReference: {fileID: 0}
    - target: {fileID: 1493717277379048, guid: 1b2b3335e6cf2974abdebf8fbbc1d513, type: 2}
      propertyPath: m_Layer
      value: 11
      objectReference: {fileID: 0}
    - target: {fileID: 1127220277751734, guid: 1b2b3335e6cf2974abdebf8fbbc1d513, type: 2}
      propertyPath: m_Layer
      value: 11
      objectReference: {fileID: 0}
    - target: {fileID: 1671976869072904, guid: 1b2b3335e6cf2974abdebf8fbbc1d513, type: 2}
      propertyPath: m_Layer
      value: 11
      objectReference: {fileID: 0}
    - target: {fileID: 1936972800850924, guid: 1b2b3335e6cf2974abdebf8fbbc1d513, type: 2}
      propertyPath: m_Layer
      value: 11
      objectReference: {fileID: 0}
    - target: {fileID: 1321783895426578, guid: 1b2b3335e6cf2974abdebf8fbbc1d513, type: 2}
      propertyPath: m_Layer
      value: 11
      objectReference: {fileID: 0}
    - target: {fileID: 1514358601090098, guid: 1b2b3335e6cf2974abdebf8fbbc1d513, type: 2}
      propertyPath: m_Layer
      value: 11
      objectReference: {fileID: 0}
    - target: {fileID: 1869147876299200, guid: 1b2b3335e6cf2974abdebf8fbbc1d513, type: 2}
      propertyPath: m_Layer
      value: 11
      objectReference: {fileID: 0}
    - target: {fileID: 1870162925361638, guid: 1b2b3335e6cf2974abdebf8fbbc1d513, type: 2}
      propertyPath: m_Layer
      value: 11
      objectReference: {fileID: 0}
    - target: {fileID: 1119787796214472, guid: 1b2b3335e6cf2974abdebf8fbbc1d513, type: 2}
      propertyPath: m_Layer
      value: 11
      objectReference: {fileID: 0}
    - target: {fileID: 1531510955106130, guid: 1b2b3335e6cf2974abdebf8fbbc1d513, type: 2}
      propertyPath: m_Layer
      value: 11
      objectReference: {fileID: 0}
    - target: {fileID: 1682940542233190, guid: 1b2b3335e6cf2974abdebf8fbbc1d513, type: 2}
      propertyPath: m_Layer
      value: 11
      objectReference: {fileID: 0}
    - target: {fileID: 1066237754059858, guid: 1b2b3335e6cf2974abdebf8fbbc1d513, type: 2}
      propertyPath: m_Layer
      value: 11
      objectReference: {fileID: 0}
    - target: {fileID: 1540453887483666, guid: 1b2b3335e6cf2974abdebf8fbbc1d513, type: 2}
      propertyPath: m_Layer
      value: 11
      objectReference: {fileID: 0}
    - target: {fileID: 1543056565460514, guid: 1b2b3335e6cf2974abdebf8fbbc1d513, type: 2}
      propertyPath: m_Layer
      value: 11
      objectReference: {fileID: 0}
    - target: {fileID: 1736323386238436, guid: 1b2b3335e6cf2974abdebf8fbbc1d513, type: 2}
      propertyPath: m_Layer
      value: 11
      objectReference: {fileID: 0}
    - target: {fileID: 1360694244661394, guid: 1b2b3335e6cf2974abdebf8fbbc1d513, type: 2}
      propertyPath: m_Layer
      value: 11
      objectReference: {fileID: 0}
    - target: {fileID: 1981415006882952, guid: 1b2b3335e6cf2974abdebf8fbbc1d513, type: 2}
      propertyPath: m_Layer
      value: 11
      objectReference: {fileID: 0}
    - target: {fileID: 1354704933292052, guid: 1b2b3335e6cf2974abdebf8fbbc1d513, type: 2}
      propertyPath: m_Layer
      value: 11
      objectReference: {fileID: 0}
    - target: {fileID: 1740447189587590, guid: 1b2b3335e6cf2974abdebf8fbbc1d513, type: 2}
      propertyPath: m_Layer
      value: 11
      objectReference: {fileID: 0}
    - target: {fileID: 1328962412210114, guid: 1b2b3335e6cf2974abdebf8fbbc1d513, type: 2}
      propertyPath: m_Layer
      value: 11
      objectReference: {fileID: 0}
    - target: {fileID: 1026882792620156, guid: 1b2b3335e6cf2974abdebf8fbbc1d513, type: 2}
      propertyPath: m_Layer
      value: 11
      objectReference: {fileID: 0}
    - target: {fileID: 1385707190977186, guid: 1b2b3335e6cf2974abdebf8fbbc1d513, type: 2}
      propertyPath: m_Layer
      value: 11
      objectReference: {fileID: 0}
    - target: {fileID: 1867564048248974, guid: 1b2b3335e6cf2974abdebf8fbbc1d513, type: 2}
      propertyPath: m_Layer
      value: 11
      objectReference: {fileID: 0}
    - target: {fileID: 1591149712283614, guid: 1b2b3335e6cf2974abdebf8fbbc1d513, type: 2}
      propertyPath: m_Layer
      value: 11
      objectReference: {fileID: 0}
    - target: {fileID: 1080972357589180, guid: 1b2b3335e6cf2974abdebf8fbbc1d513, type: 2}
      propertyPath: m_Layer
      value: 11
      objectReference: {fileID: 0}
    - target: {fileID: 1314719727883974, guid: 1b2b3335e6cf2974abdebf8fbbc1d513, type: 2}
      propertyPath: m_Layer
      value: 11
      objectReference: {fileID: 0}
    - target: {fileID: 1134318716728516, guid: 1b2b3335e6cf2974abdebf8fbbc1d513, type: 2}
      propertyPath: m_Layer
      value: 11
      objectReference: {fileID: 0}
    - target: {fileID: 1322877276454710, guid: 1b2b3335e6cf2974abdebf8fbbc1d513, type: 2}
      propertyPath: m_Layer
      value: 11
      objectReference: {fileID: 0}
    - target: {fileID: 1798178434152256, guid: 1b2b3335e6cf2974abdebf8fbbc1d513, type: 2}
      propertyPath: m_Layer
      value: 11
      objectReference: {fileID: 0}
    - target: {fileID: 1034029939985058, guid: 1b2b3335e6cf2974abdebf8fbbc1d513, type: 2}
      propertyPath: m_Layer
      value: 11
      objectReference: {fileID: 0}
    - target: {fileID: 1536748529840344, guid: 1b2b3335e6cf2974abdebf8fbbc1d513, type: 2}
      propertyPath: m_Layer
      value: 11
      objectReference: {fileID: 0}
    - target: {fileID: 1823012558027646, guid: 1b2b3335e6cf2974abdebf8fbbc1d513, type: 2}
      propertyPath: m_Layer
      value: 11
      objectReference: {fileID: 0}
    - target: {fileID: 1623597854148532, guid: 1b2b3335e6cf2974abdebf8fbbc1d513, type: 2}
      propertyPath: m_Layer
      value: 11
      objectReference: {fileID: 0}
    - target: {fileID: 1325599266166586, guid: 1b2b3335e6cf2974abdebf8fbbc1d513, type: 2}
      propertyPath: m_Layer
      value: 11
      objectReference: {fileID: 0}
    - target: {fileID: 1670525797211432, guid: 1b2b3335e6cf2974abdebf8fbbc1d513, type: 2}
      propertyPath: m_Layer
      value: 11
      objectReference: {fileID: 0}
    - target: {fileID: 1244838069852726, guid: 1b2b3335e6cf2974abdebf8fbbc1d513, type: 2}
      propertyPath: m_Layer
      value: 11
      objectReference: {fileID: 0}
    - target: {fileID: 1878991960291332, guid: 1b2b3335e6cf2974abdebf8fbbc1d513, type: 2}
      propertyPath: m_Layer
      value: 11
      objectReference: {fileID: 0}
    - target: {fileID: 1963141626817168, guid: 1b2b3335e6cf2974abdebf8fbbc1d513, type: 2}
      propertyPath: m_Layer
      value: 11
      objectReference: {fileID: 0}
    - target: {fileID: 1664564099790596, guid: 1b2b3335e6cf2974abdebf8fbbc1d513, type: 2}
      propertyPath: m_Layer
      value: 11
      objectReference: {fileID: 0}
    - target: {fileID: 1451886238818216, guid: 1b2b3335e6cf2974abdebf8fbbc1d513, type: 2}
      propertyPath: m_Layer
      value: 11
      objectReference: {fileID: 0}
    - target: {fileID: 1195238340645234, guid: 1b2b3335e6cf2974abdebf8fbbc1d513, type: 2}
      propertyPath: m_Layer
      value: 11
      objectReference: {fileID: 0}
    - target: {fileID: 1340898642510860, guid: 1b2b3335e6cf2974abdebf8fbbc1d513, type: 2}
      propertyPath: m_Layer
      value: 11
      objectReference: {fileID: 0}
    - target: {fileID: 1826162960591162, guid: 1b2b3335e6cf2974abdebf8fbbc1d513, type: 2}
      propertyPath: m_Layer
      value: 11
      objectReference: {fileID: 0}
    - target: {fileID: 1809276979636928, guid: 1b2b3335e6cf2974abdebf8fbbc1d513, type: 2}
      propertyPath: m_Layer
      value: 11
      objectReference: {fileID: 0}
    - target: {fileID: 1153829782338772, guid: 1b2b3335e6cf2974abdebf8fbbc1d513, type: 2}
      propertyPath: m_Layer
      value: 11
      objectReference: {fileID: 0}
    - target: {fileID: 1919008142553420, guid: 1b2b3335e6cf2974abdebf8fbbc1d513, type: 2}
      propertyPath: m_Layer
      value: 11
      objectReference: {fileID: 0}
    - target: {fileID: 1576105643117028, guid: 1b2b3335e6cf2974abdebf8fbbc1d513, type: 2}
      propertyPath: m_Layer
      value: 11
      objectReference: {fileID: 0}
    - target: {fileID: 1993745440090944, guid: 1b2b3335e6cf2974abdebf8fbbc1d513, type: 2}
      propertyPath: m_Layer
      value: 11
      objectReference: {fileID: 0}
    - target: {fileID: 1505424410619386, guid: 1b2b3335e6cf2974abdebf8fbbc1d513, type: 2}
      propertyPath: m_Layer
      value: 11
      objectReference: {fileID: 0}
    - target: {fileID: 1017229015643710, guid: 1b2b3335e6cf2974abdebf8fbbc1d513, type: 2}
      propertyPath: m_Layer
      value: 11
      objectReference: {fileID: 0}
    - target: {fileID: 1711494813320566, guid: 1b2b3335e6cf2974abdebf8fbbc1d513, type: 2}
      propertyPath: m_Layer
      value: 11
      objectReference: {fileID: 0}
    - target: {fileID: 1975131637936958, guid: 1b2b3335e6cf2974abdebf8fbbc1d513, type: 2}
      propertyPath: m_Layer
      value: 11
      objectReference: {fileID: 0}
    - target: {fileID: 1375017211998328, guid: 1b2b3335e6cf2974abdebf8fbbc1d513, type: 2}
      propertyPath: m_Layer
      value: 11
      objectReference: {fileID: 0}
    - target: {fileID: 1571156365096924, guid: 1b2b3335e6cf2974abdebf8fbbc1d513, type: 2}
      propertyPath: m_Layer
      value: 11
      objectReference: {fileID: 0}
    - target: {fileID: 1985938429685664, guid: 1b2b3335e6cf2974abdebf8fbbc1d513, type: 2}
      propertyPath: m_Layer
      value: 11
      objectReference: {fileID: 0}
    - target: {fileID: 114526637576892854, guid: 1b2b3335e6cf2974abdebf8fbbc1d513,
        type: 2}
      propertyPath: Camera
      value: 
      objectReference: {fileID: 0}
    m_RemovedComponents: []
  m_SourcePrefab: {fileID: 100100000, guid: 1b2b3335e6cf2974abdebf8fbbc1d513, type: 2}
  m_IsPrefabAsset: 0
--- !u!1 &881852110 stripped
GameObject:
  m_CorrespondingSourceObject: {fileID: 1737834425747256, guid: 1b2b3335e6cf2974abdebf8fbbc1d513,
    type: 2}
  m_PrefabInternal: {fileID: 881852109}
--- !u!114 &881852111
MonoBehaviour:
  m_ObjectHideFlags: 0
  m_CorrespondingSourceObject: {fileID: 0}
  m_PrefabInternal: {fileID: 0}
  m_GameObject: {fileID: 881852110}
  m_Enabled: 1
  m_EditorHideFlags: 0
  m_Script: {fileID: 11500000, guid: 94fd04f8f211455469a917704944d074, type: 3}
  m_Name: 
  m_EditorClassIdentifier: 
  player: {fileID: 881852110}
  TimeSkipImage: {fileID: 0}
  TimeSound: {fileID: 0}
  flashSpeed: 5
  TimeColour: {r: 0.68778926, g: 0.9056604, b: 0.9056604, a: 0.73333335}
--- !u!1 &1523102029
GameObject:
  m_ObjectHideFlags: 0
  m_CorrespondingSourceObject: {fileID: 0}
  m_PrefabInternal: {fileID: 0}
  serializedVersion: 6
  m_Component:
  - component: {fileID: 1523102033}
  - component: {fileID: 1523102032}
  - component: {fileID: 1523102031}
  - component: {fileID: 1523102030}
  m_Layer: 9
  m_Name: Cube
  m_TagString: Untagged
  m_Icon: {fileID: 0}
  m_NavMeshLayer: 0
  m_StaticEditorFlags: 4294967295
  m_IsActive: 1
--- !u!65 &1523102030
BoxCollider:
  m_ObjectHideFlags: 0
  m_CorrespondingSourceObject: {fileID: 0}
  m_PrefabInternal: {fileID: 0}
  m_GameObject: {fileID: 1523102029}
  m_Material: {fileID: 0}
  m_IsTrigger: 0
  m_Enabled: 1
  serializedVersion: 2
  m_Size: {x: 1, y: 1, z: 1}
  m_Center: {x: 0, y: 0, z: 0}
--- !u!23 &1523102031
MeshRenderer:
  m_ObjectHideFlags: 0
  m_CorrespondingSourceObject: {fileID: 0}
  m_PrefabInternal: {fileID: 0}
  m_GameObject: {fileID: 1523102029}
  m_Enabled: 1
  m_CastShadows: 1
  m_ReceiveShadows: 1
  m_DynamicOccludee: 1
  m_MotionVectors: 1
  m_LightProbeUsage: 1
  m_ReflectionProbeUsage: 1
  m_RenderingLayerMask: 4294967295
  m_Materials:
  - {fileID: 10303, guid: 0000000000000000f000000000000000, type: 0}
  m_StaticBatchInfo:
    firstSubMesh: 0
    subMeshCount: 0
  m_StaticBatchRoot: {fileID: 0}
  m_ProbeAnchor: {fileID: 0}
  m_LightProbeVolumeOverride: {fileID: 0}
  m_ScaleInLightmap: 1
  m_PreserveUVs: 0
  m_IgnoreNormalsForChartDetection: 0
  m_ImportantGI: 0
  m_StitchLightmapSeams: 0
  m_SelectedEditorRenderState: 3
  m_MinimumChartSize: 4
  m_AutoUVMaxDistance: 0.5
  m_AutoUVMaxAngle: 89
  m_LightmapParameters: {fileID: 0}
  m_SortingLayerID: 0
  m_SortingLayer: 0
  m_SortingOrder: 0
--- !u!33 &1523102032
MeshFilter:
  m_ObjectHideFlags: 0
  m_CorrespondingSourceObject: {fileID: 0}
  m_PrefabInternal: {fileID: 0}
  m_GameObject: {fileID: 1523102029}
  m_Mesh: {fileID: 10202, guid: 0000000000000000e000000000000000, type: 0}
--- !u!4 &1523102033
Transform:
  m_ObjectHideFlags: 0
  m_CorrespondingSourceObject: {fileID: 0}
  m_PrefabInternal: {fileID: 0}
  m_GameObject: {fileID: 1523102029}
  m_LocalRotation: {x: 0, y: 0, z: 0, w: 1}
  m_LocalPosition: {x: 0, y: 0, z: 0}
  m_LocalScale: {x: 10, y: 1, z: 10}
  m_Children: []
  m_Father: {fileID: 0}
  m_RootOrder: 1
  m_LocalEulerAnglesHint: {x: 0, y: 0, z: 0}
--- !u!1 &1754679106
GameObject:
  m_ObjectHideFlags: 0
  m_CorrespondingSourceObject: {fileID: 0}
  m_PrefabInternal: {fileID: 0}
  serializedVersion: 6
  m_Component:
  - component: {fileID: 1754679108}
  - component: {fileID: 1754679107}
  m_Layer: 0
  m_Name: CameraBase
  m_TagString: Untagged
  m_Icon: {fileID: 0}
  m_NavMeshLayer: 0
  m_StaticEditorFlags: 0
  m_IsActive: 1
--- !u!114 &1754679107
MonoBehaviour:
  m_ObjectHideFlags: 0
  m_CorrespondingSourceObject: {fileID: 0}
  m_PrefabInternal: {fileID: 0}
  m_GameObject: {fileID: 1754679106}
  m_Enabled: 1
  m_EditorHideFlags: 0
  m_Script: {fileID: 11500000, guid: 41cfcf7108752b940a1a570c73db9f5b, type: 3}
  m_Name: 
  m_EditorClassIdentifier: 
  moveSpeed: 120
  CameraFollowTarget: {fileID: 0}
  angleClamp: 80
  sensitivity: 150
  Camera: {fileID: 0}
  Player: {fileID: 0}
--- !u!4 &1754679108
Transform:
  m_ObjectHideFlags: 0
  m_CorrespondingSourceObject: {fileID: 0}
  m_PrefabInternal: {fileID: 0}
  m_GameObject: {fileID: 1754679106}
  m_LocalRotation: {x: -0, y: -0, z: -0, w: 1}
  m_LocalPosition: {x: 0, y: 0, z: 0}
  m_LocalScale: {x: 1.5, y: 1.5, z: 1.5}
  m_Children:
  - {fileID: 317450411}
  m_Father: {fileID: 0}
  m_RootOrder: 4
  m_LocalEulerAnglesHint: {x: 0, y: 0, z: 0}
